<?xml version="1.0" encoding="utf-8"?>
<record xmlns="http://www.loc.gov/MARC21/slim" xmlns:xsi="http://www.w3.org/2001/XMLSchema-instance" xsi:schemaLocation="http://www.loc.gov/MARC21/slim http://www.loc.gov/standards/marcxml/schema/MARC21slim.xsd">
	<leader>     nam a22        4500</leader>
	<controlfield tag="001">b12362451</controlfield>
	<controlfield tag="003">LeBAU</controlfield>
	<controlfield tag="006">m        d        </controlfield>
	<controlfield tag="007">cr cn |||m|||a</controlfield>
	<controlfield tag="008">171023q1911    ua      o     ||0 0 ara d</controlfield>
	<datafield ind1=" " ind2=" " tag="040">
		<subfield code="a">NNU</subfield>
		<subfield code="b">ara</subfield>
		<subfield code="e">rda</subfield>
		<subfield code="c">NNU</subfield>
	</datafield>
	<datafield ind1=" " ind2="4" tag="050">
		<subfield code="a">BP165.5</subfield>
		<subfield code="b">.I25 1911</subfield>
	</datafield>
	<datafield ind1="0" ind2="4" tag="082">
		<subfield code="a">297.3</subfield>
		<subfield code="2">22</subfield>
	</datafield>
	<datafield ind1="1" ind2=" " tag="100">
		<subfield code="6">880-01</subfield>
		<subfield code="a">Ibn Taymīyah, Aḥmad ibn ʻAbd al-Ḥalīm,</subfield>
		<subfield code="d">1263-1328,</subfield>
		<subfield code="e">author.</subfield>
	</datafield>
	<datafield ind1="1" ind2="0" tag="245">
		<subfield code="6">880-02</subfield>
		<subfield code="a">Sharḥ al-ʻaqīdah al-Aṣfahānīyah /</subfield>
		<subfield code="c">ta’līf sl-shaykh al-imām al-‘ālim al-rabbānī imām al-a’immah wa-muftī al-ummah wa-baḥr al-‘ulūm sayyid al-ḥuffāẓ wa-fāris al-ma‘ānī wa-al-alfāẓ wa-farīd al-‘aṣr wa-qarī‘ al-dahr (shaykh al-Islām) barakat al-anām ‘allāmat al-zamān wa-turjumān al-Qur’ān, ‘ilm al-zuhhād wa-awḥad al-‘ubbād qāmi‘ al-mubtadi‘īn wa-ākhir al-mujtahidīn, Taqī al-Dīn Abī al-‘Abbas Aḥmad ibn al-shaykh al-imām al-‘Allāmah Shihāb al-Dīn Abī al-Maḥāsin ‘Abd al-Ḥalīm ibn al-shaykh al-imām al-‘allāmah shaykh al-Islām Majd al-Dīn Abī al-Barakāt ‘Abd al-Salām ibn Abī Muḥammad ‘Abd Allāh ibn Abī al-Qāsim al-Khiḍr ibn Muḥammad ibn al-Khiḍr ibn ‘Ali ibn ‘Abd Allāh ibn Taymīyah al-Ḥarrānī.</subfield>
	</datafield>
	<datafield ind1=" " ind2="1" tag="264">
		<subfield code="6">880-03</subfield>
		<subfield code="a">al-Qāhirah, Miṣr :</subfield>
		<subfield code="b">Maṭbaʻat Kurdistān al-ʻIlmīyah,</subfield>
		<subfield code="c">1329 H., [1911? M.]</subfield>
	</datafield>
	<datafield ind1=" " ind2=" " tag="300">
		<subfield code="6">880-04</subfield>
		<subfield code="a">online resource (152, 4 pages)</subfield>
	</datafield>
	<datafield ind1=" " ind2=" " tag="336">
		<subfield code="a">text</subfield>
		<subfield code="2">rdacontent</subfield>
	</datafield>
	<datafield ind1=" " ind2=" " tag="337">
		<subfield code="a">computer</subfield>
		<subfield code="2">rdamedia</subfield>
	</datafield>
	<datafield ind1=" " ind2=" " tag="338">
		<subfield code="a">online resource</subfield>
		<subfield code="2">rdacarrier</subfield>
	</datafield>
	<datafield ind1=" " ind2=" " tag="500">
		<subfield code="a">Part of the Arabic Collections Online (ACO) project, contributed by American University of Beirut's Jafet Memorial Library.</subfield>
	</datafield>
	<datafield ind1=" " ind2=" " tag="533">
		<subfield code="a">Electronic reproduction.</subfield>
		<subfield code="b">New York, N.Y. :</subfield>
		<subfield code="c">New York University,</subfield>
		<subfield code="d">2017.</subfield>
		<subfield code="5">NNU</subfield>
	</datafield>
	<datafield ind1="1" ind2="0" tag="600">
		<subfield code="6">880-05</subfield>
		<subfield code="a">Iṣfahānī, Muḥammad ibn Maḥmūd,</subfield>
		<subfield code="d">1219 or 1220-1289.</subfield>
	</datafield>
	<datafield ind1=" " ind2="0" tag="650">
		<subfield code="6">880-06</subfield>
		<subfield code="a">Islam</subfield>
		<subfield code="x">Doctrines</subfield>
		<subfield code="v">Early works to 1800.</subfield>
	</datafield>
	<datafield ind1="2" ind2=" " tag="710">
		<subfield code="a">Jafet Memorial Library.</subfield>
	</datafield>
	<datafield ind1="0" ind2=" " tag="730">
		<subfield code="a">Arabic Collections Online.</subfield>
	</datafield>
	<datafield ind1="0" ind2="8" tag="776">
		<subfield code="i">Print version:</subfield>
		<subfield code="a">Ibn Taymīyah, Aḥmad ibn ʻAbd al-Ḥalīm, 1263-1328, author.</subfield>
		<subfield code="t">Sharḥ al-ʻaqīdah al-Aṣfahānīyah</subfield>
		<subfield code="w">(LeBAU)b12362451</subfield>
	</datafield>
	<datafield ind1="4" ind2="0" tag="856">
		<subfield code="u">http://hdl.handle.net/2333.1/w9ghx8t4</subfield>
	</datafield>
	<datafield ind1="1" ind2=" " tag="880">
		<subfield code="6">100-01/r</subfield>
		<subfield code="a">ابن تيمية، احمد بن عبد الحليم،‪‪‪‪‪‪‪</subfield>
		<subfield code="d">1263-1328،</subfield>
		<subfield code="e">مؤلف.‪‪‪‪‪‪‪</subfield>
		<subfield code="4">aut.</subfield>
	</datafield>
	<datafield ind1="1" ind2="0" tag="880">
		<subfield code="6">245-02/r</subfield>
		<subfield code="a">شرح العقيدة الأصفهانية /‪‪‪‪‪‪‪</subfield>
		<subfield code="c">تأليف الشيخ الإمام العالم الرباني إمام الأئمة ومفتي الأمة وبحر العلوم سيد الحفاظ وفارس المعاني والألفاظ وفريد العصر وقريع الدهر (شيخ الإسلام) بركة الأنام علامة الزمان وترجمان القرآن، علم الزهاد وأوحد العباد قامع المبتدعين وآخر المجتهدين، تقي الدين أبي العباس أحمد بن الشيخ الإمام العلامة شهاب الدين أبي المحاسن عبد الحليم بن الشيخ الإمام العلامة شيخ الإسلام مجد الدين أبي البركات عبد السلام بن أبي محمد عبد الله بن أبي القاسم الخضر بن محمد بن الخضر بن علي بن عبد الله بن تيمية الحراني.‪‪‪‪‪‪‪</subfield>
	</datafield>
	<datafield ind1=" " ind2="1" tag="880">
		<subfield code="6">264-03/r</subfield>
		<subfield code="a">القاهرة، مصر :‪‪‪‪‪‪‪</subfield>
		<subfield code="b">مطبعة كردستان العلمية،‪‪‪‪‪‪‪</subfield>
		<subfield code="c">1329 هـ.، [1911؟ م.]‪‪‪‪‪‪‪</subfield>
	</datafield>
	<datafield ind1=" " ind2=" " tag="880">
		<subfield code="6">300-04/r</subfield>
		<subfield code="a">152، 4 صفحات ؛‪‪‪‪‪‪‪</subfield>
		<subfield code="c">28 سم‪‪‪‪‪‪‪</subfield>
	</datafield>
	<datafield ind1=" " ind2=" " tag="880">
		<subfield code="6">500-00/r</subfield>
		<subfield code="a">&quot;وقد مدح هذا الشرح في الرد الوافر بما لا مزيد عليه وجعله مما فضل به  شيخ الإسلام على سائر الأئمة الأعلام.&quot;‪‪‪‪‪‪‪</subfield>
	</datafield>
	<datafield ind1=" " ind2=" " tag="880">
		<subfield code="6">500-00/r</subfield>
		<subfield code="a">&quot;طبع على نسختين عظيمتين الأولى بخط أستاذنا العلامة فخر العراق السيد محمود شكري الآلوسي، والثانية بتصحيح العلامة المفضال الشيخ محمد جمال الدين القاسمي حفظهما الباري، وذلك بمعرفة الفقير إليه تعالى فرج الله زكي الكردي بمطبعته...&quot;‪‪‪‪‪‪‪</subfield>
	</datafield>
	<datafield ind1="1" ind2="4" tag="880">
		<subfield code="6">600-05/r</subfield>
		<subfield code="a">الاصفهاني، محمد بن محمد،‪‪‪‪‪‪‪</subfield>
		<subfield code="d">1219 او 1220-1289.‪‪‪‪‪‪‪</subfield>
	</datafield>
	<datafield ind1=" " ind2="4" tag="880">
		<subfield code="6">650-06/r</subfield>
		<subfield code="a">الاسلام‪‪‪‪‪‪‪</subfield>
		<subfield code="x">عقائد‪‪‪‪‪‪‪</subfield>
		<subfield code="v">اعمال قديمة حتى 1800.‪‪‪‪‪‪‪</subfield>
	</datafield>
	<datafield ind1=" " ind2=" " tag="959">
		<subfield code="a">NNU</subfield>
		<subfield code="b">WEB</subfield>
		<subfield code="c">GENI</subfield>
		<subfield code="t">0</subfield>
		<subfield code="m">Electronic access</subfield>
		<subfield code="s">01</subfield>
	</datafield>
	<datafield ind1=" " ind2=" " tag="999">
		<subfield code="i">LeBAU_b12362451</subfield>
		<subfield code="s">aub_aco001279</subfield>
		<subfield code="e">(ERROR-MISC)</subfield>
		<subfield code="s">aub_aco001279</subfield>
	</datafield>
</record>
